% Encoding: UTF-8

@Book{latex,
  Title                    = {LaTeX : A Documentation Preparation System User's Guide and Reference Manual},
  Author                   = {Leslie Lamport},
  Publisher                = {Addison-Wesley Professional},
  Year                     = {1994}
}

@InProceedings{Koschi2017a,
  author    = {M. Koschi and M. Althoff},
  title     = {{SPOT}: {A} Tool for Set-Based Prediction of Traffic Participants},
  booktitle = {Proc. of the IEEE Intelligent Vehicles Symposium},
  year      = {2017},
  pages     = {1679-1686},
  doi       = {10.1109/IVS.2017.7995951},
  keywords  = {CARatTUM},
}

@InProceedings{Althoff2017a,
  author    = {M. Althoff and M. Koschi and S. Manzinger},
  title     = {{CommonRoad}: {C}omposable Benchmarks for Motion Planning on Roads},
  booktitle = {Proc. of the IEEE Intelligent Vehicles Symposium},
  year      = {2017},
  pages     = {719-726},
}

@Article{Paden2016,
  author    = {B. Paden and M. {ฤรก}p and S. Z. Yong and D. Yershov and E. Frazzoli},
  title     = {A Survey of Motion Planning and Control Techniques for Self-Driving Urban Vehicles},
  journal   = {IEEE Transactions on Intelligent Vehicles},
  year      = {2016},
  volume    = {1},
  number    = {1},
  pages     = {33-55},
  booktitle = {IEEE Transactions on Intelligent Vehicles},
  doi       = {10.1109/tiv.2016.2578706},
  publisher = {Institute of Electrical and Electronics Engineers ({IEEE})},
  url       = {http://dx.doi.org/10.1109/tiv.2016.2578706},
}

@Comment{jabref-meta: databaseType:bibtex;}
